<record><leader>00000cas a22000007a 4500</leader><controlfield tag="001">14209575</controlfield><controlfield tag="008">860912d19191927iauwr ne      0    0eng d</controlfield><datafield ind1=" " ind2=" " tag="010"><subfield code="a">sn 86060134 </subfield></datafield><datafield ind1=" " ind2=" " tag="040"><subfield code="a">INP</subfield><subfield code="b">eng</subfield><subfield code="c">INP</subfield><subfield code="d">OCLCQ</subfield></datafield><datafield ind1=" " ind2=" " tag="042"><subfield code="a">msc</subfield></datafield><datafield ind1="0" ind2=" " tag="130"><subfield code="a">Mt. Pleasant weekly news (Mount Pleasant, Iowa : 1919)</subfield></datafield><datafield ind1="1" ind2="0" tag="245"><subfield code="a">Mt. Pleasant weekly news.</subfield></datafield><datafield ind1="3" ind2="0" tag="246"><subfield code="a">Mount Pleasant weekly news</subfield></datafield><datafield ind1=" " ind2=" " tag="260"><subfield code="a">Mount Pleasant, Iowa :</subfield><subfield code="b">C.S. Rogers,</subfield><subfield code="c">1919-1927.</subfield></datafield><datafield ind1=" " ind2=" " tag="300"><subfield code="a">9 v. :</subfield><subfield code="b">ill. ;</subfield><subfield code="c">59 cm.</subfield></datafield><datafield ind1=" " ind2=" " tag="310"><subfield code="a">Weekly</subfield></datafield><datafield ind1="0" ind2=" " tag="362"><subfield code="a">July 2, 1919-Oct. 12, 1927.</subfield></datafield><datafield ind1=" " ind2=" " tag="752"><subfield code="a">United States</subfield><subfield code="b">Iowa</subfield><subfield code="c">Henry</subfield><subfield code="d">Mount Pleasant.</subfield></datafield><datafield ind1="0" ind2="0" tag="780"><subfield code="t">Weekly news (Mount Pleasant, Iowa : 1918)</subfield><subfield code="w">(DLC)sn 86060135</subfield></datafield><datafield ind1="0" ind2="4" tag="785"><subfield code="t">Mt. Pleasant free press</subfield><subfield code="w">(DLC)sn 86060133</subfield><subfield code="g">Oct. 20, 1927</subfield></datafield></record>